@article{DBLP:journals/corr/Ruder16,
  author    = {Sebastian Ruder},
  title     = {An overview of gradient descent optimization algorithms},
  journal   = {CoRR},
  volume    = {abs/1609.04747},
  year      = {2016},
  url       = {http://arxiv.org/abs/1609.04747},
  archivePrefix = {arXiv},
  eprint    = {1609.04747},
  timestamp = {Mon, 13 Aug 2018 16:48:10 +0200},
  biburl    = {https://dblp.org/rec/journals/corr/Ruder16.bib},
  bibsource = {dblp computer science bibliography, https://dblp.org}
}

@article{qian1999momentum,
	title={On the momentum term in gradient descent learning algorithms},
	author={Qian, Ning},
	journal={Neural networks},
	volume={12},
	number={1},
	pages={145--151},
	year={1999},
	publisher={Elsevier}
}

@article{10029946121,
	author="NESTEROV, Y. E.",
	title="A method for solving the convex programming problem with convergence rate O(1/k2)",
	journal="Dokl. Akad. Nauk SSSR",
	ISSN="",
	publisher="",
	year="1983",
	month="",
	volume="269",
	number="",
	pages="543-547",
	URL="https://ci.nii.ac.jp/naid/10029946121/en/",
	DOI="",
}

@article{journals/jmlr/DuchiHS11,
	added-at = {2019-07-10T00:00:00.000+0200},
	author = {Duchi, John C. and Hazan, Elad and Singer, Yoram},
	biburl = {https://www.bibsonomy.org/bibtex/24c8a0f958df17cd3520d9d4032fbdbdf/dblp},
	ee = {http://dl.acm.org/citation.cfm?id=2021068},
	interhash = {d2bb1dcfcc9549a93e0b1f0dd8d23cf9},
	intrahash = {4c8a0f958df17cd3520d9d4032fbdbdf},
	journal = {J. Mach. Learn. Res.},
	keywords = {dblp},
	pages = {2121-2159},
	timestamp = {2019-07-11T11:41:54.000+0200},
	title = {Adaptive Subgradient Methods for Online Learning and Stochastic Optimization.},
	url = {http://dblp.uni-trier.de/db/journals/jmlr/jmlr12.html#DuchiHS11},
	volume = 12,
	year = 2011
}

@article{DBLP:journals/corr/abs-1212-5701,
	author    = {Matthew D. Zeiler},
	title     = {{ADADELTA:} An Adaptive Learning Rate Method},
	journal   = {CoRR},
	volume    = {abs/1212.5701},
	year      = {2012},
	url       = {http://arxiv.org/abs/1212.5701},
	archivePrefix = {arXiv},
	eprint    = {1212.5701},
	timestamp = {Mon, 13 Aug 2018 16:45:57 +0200},
	biburl    = {https://dblp.org/rec/journals/corr/abs-1212-5701.bib},
	bibsource = {dblp computer science bibliography, https://dblp.org}
}

@article{adam,
	author = {Kingma, Diederik and Ba, Jimmy},
	year = {2014},
	month = {12},
	pages = {},
	title = {Adam: A Method for Stochastic Optimization},
	journal = {International Conference on Learning Representations}
}

@article{dozat2016incorporating,
	title={Incorporating nesterov momentum into adam},
	author={Dozat, Timothy},
	year={2016}
}

@article{DBLP:journals/corr/abs-1711-05101,
	author    = {Ilya Loshchilov and
	Frank Hutter},
	title     = {Fixing Weight Decay Regularization in Adam},
	journal   = {CoRR},
	volume    = {abs/1711.05101},
	year      = {2017},
	url       = {http://arxiv.org/abs/1711.05101},
	archivePrefix = {arXiv},
	eprint    = {1711.05101},
	timestamp = {Mon, 13 Aug 2018 16:48:18 +0200},
	biburl    = {https://dblp.org/rec/journals/corr/abs-1711-05101.bib},
	bibsource = {dblp computer science bibliography, https://dblp.org}
}